
@article{bloom1970space,
  title     = {Space/time trade-offs in hash coding with allowable errors},
  author    = {Bloom, Burton H},
  journal   = {Communications of the ACM},
  volume    = {13},
  number    = {7},
  pages     = {422--426},
  year      = {1970},
  publisher = {ACM New York, NY, USA}
}

@inproceedings{kirsch2006less,
  title        = {Less hashing, same performance: Building a better bloom filter},
  author       = {Kirsch, Adam and Mitzenmacher, Michael},
  booktitle    = {Algorithms--ESA 2006: 14th Annual European Symposium, Zurich, Switzerland, September 11-13, 2006. Proceedings 14},
  pages        = {456--467},
  year         = {2006},
  organization = {Springer}
}

@book{mitzenmacher2017probability,
  title     = {Probability and computing: Randomization and probabilistic techniques in algorithms and data analysis},
  author    = {Mitzenmacher, Michael and Upfal, Eli},
  year      = {2017},
  publisher = {Cambridge university press}
}

@inproceedings{bonomi2006improved,
  title        = {An improved construction for counting bloom filters},
  author       = {Bonomi, Flavio and Mitzenmacher, Michael and Panigrahy, Rina and Singh, Sushil and Varghese, George},
  booktitle    = {Algorithms--ESA 2006: 14th Annual European Symposium, Zurich, Switzerland, September 11-13, 2006. Proceedings 14},
  pages        = {684--695},
  year         = {2006},
  organization = {Springer}
}

@article{broder2004network,
  title     = {Network applications of bloom filters: A survey},
  author    = {Broder, Andrei and Mitzenmacher, Michael},
  journal   = {Internet mathematics},
  volume    = {1},
  number    = {4},
  pages     = {485--509},
  year      = {2004},
  publisher = {Taylor \& Francis}
}


@article{bose2008false,
  title     = {On the false-positive rate of Bloom filters},
  author    = {Bose, Prosenjit and Guo, Hua and Kranakis, Evangelos and Maheshwari, Anil and Morin, Pat and Morrison, Jason and Smid, Michiel and Tang, Yihui},
  journal   = {Information Processing Letters},
  volume    = {108},
  number    = {4},
  pages     = {210--213},
  year      = {2008},
  publisher = {Elsevier}
}

@article{dai2019adaptive,
  title   = {Adaptive learned Bloom filter (Ada-BF): Efficient utilization of the classifier},
  author  = {Dai, Zhenwei and Shrivastava, Anshumali},
  journal = {arXiv preprint arXiv:1910.09131},
  year    = {2019}
}

@article{vaidya2020partitioned,
  title   = {Partitioned learned bloom filter},
  author  = {Vaidya, Kapil and Knorr, Eric and Kraska, Tim and Mitzenmacher, Michael},
  journal = {arXiv preprint arXiv:2006.03176},
  year    = {2020}
}


@article{luo2018optimizing,
  title     = {Optimizing bloom filter: Challenges, solutions, and comparisons},
  author    = {Luo, Lailong and Guo, Deke and Ma, Richard TB and Rottenstreich, Ori and Luo, Xueshan},
  journal   = {IEEE Communications Surveys \& Tutorials},
  volume    = {21},
  number    = {2},
  pages     = {1912--1949},
  year      = {2018},
  publisher = {IEEE}
}

@inproceedings{debnath2011bloomflash,
  title        = {BloomFlash: Bloom filter on flash-based storage},
  author       = {Debnath, Biplob and Sengupta, Sudipta and Li, Jin and Lilja, David J and Du, David HC},
  booktitle    = {2011 31st International Conference on Distributed Computing Systems},
  pages        = {635--644},
  year         = {2011},
  organization = {IEEE}
}

@online{bloomOverview,
  author  = {Ricardo Ander-Egg Aguilar},
  title   = { Bloom Filters Explained In An Image},
  year    = 2023,
  url     = {https://ricardoanderegg.com/posts/bloom-filters-poster/},
  urldate = {2023-02-19}
}

@online{bloom,
  author  = {Wikipedia},
  title   = { Bloom Filters},
  year    = 2023,
  url     = {https://www.wikiwand.com/en/Bloom_filter},
  urldate = {2023-02-19}
}
@article{broder2004network,
  title     = {Network applications of bloom filters: A survey},
  author    = {Broder, Andrei and Mitzenmacher, Michael},
  journal   = {Internet mathematics},
  volume    = {1},
  number    = {4},
  pages     = {485--509},
  year      = {2004},
  publisher = {Taylor \& Francis}
}

@inproceedings{mitzenmacher2001compressed,
  title     = {Compressed bloom filters},
  author    = {Mitzenmacher, Michael},
  booktitle = {Proceedings of the twentieth annual ACM symposium on Principles of distributed computing},
  pages     = {144--150},
  year      = {2001}
}

@inproceedings{carter1978exact,
  title     = {Exact and approximate membership testers},
  author    = {Carter, Larry and Floyd, Robert and Gill, John and Markowsky, George and Wegman, Mark},
  booktitle = {Proceedings of the tenth annual ACM symposium on Theory of computing},
  pages     = {59--65},
  year      = {1978}
}



